% This file was created with Citavi 5.4.0.2

@online{DeJureBDSG,
 author = {dejure.org},
 year = {2017},
 title = {Bundesdatenschutzgesetz},
 url = {https://dejure.org/gesetze/BDSG},
 urldate = {2017-06-22}
}

@online{klicksafe.de,
 author = {klicksafe.de},
 year = {2017},
 title = {Welche gesetzlichen Grundlagen regeln den Datenschutz im WWW?},
 url = {http://www.klicksafe.de/themen/datenschutz/privatsphaere/welche-gesetzlichen-grundlagen-regeln-den-datenschutz-im-www/},
 urldate = {2017-06-25}
}

@online{shr.de,
 author = {{Surfer-haben-rechte.de}},
 year = {2014},
 title = {Datenschutz: Bundesdatenschutzgesetz und Telemediengesetz},
 url = {https://www.surfer-haben-rechte.de/content/datenschutz-bundesdatenschutzgesetz-und-telemediengesetz},
 urldate = {2017-06-25}
}

@online{Uni.Oldenburg,
author = {{Uni Oldenburg}},
year = {2011},
title = {Definition von sozialen Netzwerken},
url = {http://www.informatik.uni-oldenburg.de/~iug10/sn/html/content/definition.html},
urldate = {2017-06-25}
}

@online{klicksafe.de2,
 author = {klicksafe.de},
 year = {2017},
 title = {Welche gesetzlichen Grundlagen regeln den Datenschutz im WWW?},
 url = {http://www.klicksafe.de/themen/rechtsfragen-im-netz/irights/datenschutz-in-sozialen-netzwerken/},
 urldate = {2017-06-25}
}

@online{SpiegelOnline,
 author = {{Spiegel Online GmbH}},
 year = {2015},
 title = {Verbraucherschützer mahnen Facebook ab},
 url = {http://www.spiegel.de/netzwelt/netzpolitik/facebook-agb-verbraucherschutz-gegen-nutzungsbedingungen-a-1020584.html},
 urldate = {2017-06-25}
}

@online{Verbraucherzentrale,
 author = {{Verbraucherzentrale Bundesverband}},
 year = {2017},
 title = {Facebooks Nutzungsbedingungen: Böses Erwachen für die Nutzer},
 url = {https://www.verbraucherzentrale.de/facebook-2015},
 urldate = {2017-06-25}
}

@online{EU.1995,
 author = {{European Union}},
 year = {1995},
 title = {Richtlinie 95/46/EG des Europäischen Parlaments und des Rates vom 24. Oktober 1995 zum Schutz natürlicher Personen bei der Verarbeitung personenbezogener Daten und zum freien Datenverkehr},
 url = {http://eur-lex.europa.eu/legal-content/DE/TXT/HTML/?uri=CELEX:31995L0046&from=DE},
 urldate = {2017-06-25}
}




